10400000         2652943400001180000000000000000000000159703387400000000ALMAR IND.E COM.DE ESTOFADOS LCAIXA ECONOMICA FEDERAL                 12610201609452000006105000000                    REMESSA-PRODUCAO                                 
10400011R0100030 20652943400001180338740000000000000000159703387400000000ALMAR IND.E COM.DE ESTOFADOS L                                                                                000000612610201600000000                                 
1040001300001P 01001597033874000000000001400000000006282611220TESTE CAIXA    2012201600000000000100000000002N20102016121122016000000000000002000000000000000000000000000000000000000000000000000000MCD0000049258            3001030090000000000 
1040001300002Q 012016564155000190JURANDY CALDEIRA PORTO ME               RUA SALVADOR 258                        CENTRO         39873000MACHACALIS     MG0000000000000000                                        000                            
10400015         000004000001000000000000010000000000000000000000000000000000000000000000000                                                                                                                                                    
10499999         000001000006                                                                                                                                                                                                                   
